@article{keller1980bubble,
  title={Bubble oscillations of large amplitude},
  author={Keller, Joseph B and Miksis, Michael},
  journal={The Journal of the Acoustical Society of America},
  volume={68},
  number={2},
  pages={628--633},
  year={1980},
  publisher={Acoustical Society of America}
}

@article{keller1956damping,
  title={Damping of underwater explosion bubble oscillations},
  author={Keller, Joseph B and Kolodner, Ignace I},
  journal={Journal of applied physics},
  volume={27},
  number={10},
  pages={1152--1161},
  year={1956},
  publisher={American Institute of Physics}
}

